<record><leader>00000cas a2200000Ia 4500</leader><controlfield tag="001">11940325</controlfield><controlfield tag="008">850419d19441978nyuwn ne      0    0eng  </controlfield><datafield ind1=" " ind2=" " tag="010"><subfield code="a">   54022729 </subfield></datafield><datafield ind1=" " ind2=" " tag="040"><subfield code="a">DLC</subfield><subfield code="b">eng</subfield><subfield code="c">VXW</subfield><subfield code="d">OCL</subfield><subfield code="d">OCLCF</subfield><subfield code="d">OCLCO</subfield></datafield><datafield ind1=" " ind2=" " tag="050"><subfield code="a">LH1.V3</subfield><subfield code="b">C4</subfield></datafield><datafield ind1="0" ind2="0" tag="245"><subfield code="a">Vassar chronicle.</subfield></datafield><datafield ind1=" " ind2=" " tag="260"><subfield code="a">Poughkeepsie, N.Y. :</subfield><subfield code="b">Vassar College,</subfield><subfield code="c">[1944-1978]</subfield></datafield><datafield ind1=" " ind2=" " tag="300"><subfield code="a">v. :</subfield><subfield code="b">ill. ;</subfield><subfield code="c">28-46 cm.</subfield></datafield><datafield ind1=" " ind2=" " tag="310"><subfield code="a">Weekly (during academic year)</subfield></datafield><datafield ind1="0" ind2=" " tag="362"><subfield code="a">[Vol. 1, no. 1] (Mar. 1, 1944)-v. 21, no. 3 (Apr. 28, 1978)</subfield></datafield><datafield ind1=" " ind2=" " tag="515"><subfield code="a">Vassar chronicle and Vassar miscellany news combined issues, Nov. 14, 1947 and Apr. 8, 1948, not included in numbering.</subfield></datafield><datafield ind1=" " ind2=" " tag="515"><subfield code="a">Publication suspended June 1959-Aug. 1974.</subfield></datafield><datafield ind1="2" ind2="0" tag="610"><subfield code="a">Vassar College</subfield><subfield code="v">Periodicals.</subfield></datafield><datafield ind1=" " ind2="7" tag="655"><subfield code="a">Periodicals.</subfield><subfield code="2">fast</subfield><subfield code="0">(OCoLC)fst01411641</subfield></datafield><datafield ind1="2" ind2="7" tag="610"><subfield code="a">Vassar College.</subfield><subfield code="2">fast</subfield><subfield code="0">(OCoLC)fst00528493</subfield></datafield></record>